@book{PeterRing1980,
  author = {Peter Ring, Peter Shuck}, 
  title = {The Nuclear Many-Body Problem},
  publisher = {Springer-Verlag},
  year = 1980,
  address = {Berlin Heidelberg, Germany},
  edition = 3,
  isbn = {3257227892-540-21206-X}
}
